@book{leboudec,
  title={Network calculus: a theory of deterministic queuing systems for the internet},
  author={Le Boudec, Jean-Yves and Thiran, Patrick},
  year={2001},
  publisher={Springer}
}

